0119858D70BEF7B1E33B4306DF28E636F1D:28
012B0185C426EFF93FBC9C25817CD2DCF6C:5
01C5FD83C3C4B8E6D374D10C7D664F4D6A8:1
02A9D3A35A8EC330751B5FC6725D0BE0FB9:1
03628124C4B72E898ADF79D0714DFEB4EBD:1
03958DFC7ECCCC7C80D9A31D4B2A478149E:1
04A741DB32D520CDCEE6E52D69905F8CE2A:3
05DFE3ACF3AC34C2C3590DBA02D41D3EB19:2
05E2EAD4D08015F472D376A65A435C9180A:1
061302CE0AF14B645EA7089978AA1DD233C:4
062A9808106EAA3B1BB630B32175DA58F18:1
064E03F94E7CE122CA30A25F49D18908151:2
07B6EFFBB7172637492B7ABA57C3DEE44CD:1
07F82A23132B9F4AEC9A85C38D105F3815C:4
080F237719D037359B7258E8D7FE3123611:1
082519B30FFDD07418EEFB9CC49EDD793E7:2
085646C2FB9836D1EB08D9712AFCAFB78D4:1
08C18847B7CE75A400D1E6A01BB25B3A117:1
090010AE99705429B1B5F8BFC373BC9CC05:1
09400ED1D6803D2E71E064BACE79B90A716:2
0972B09DA00976F599791931C42F6657D9D:1
09BB7A0E068FA766BB7CC8C465306AC831A:1
09D6D67B1B60A3087A562E993A4D881419C:3
09EBE3B2683F93BD8F524EFE4A6B76C97C1:4
0A10879CDF522E7A44DA507E0B5A8E2B2D7:4
0AA08FDEA299FF13502CA1D9AE246300937:3
0AD2C1F7C72AD72CBC5CEB9C2A846F1ADBB:1
0B2BBBDC36CBB8CF2E1EA0513D9BAE82120:1
0B2DFBB0FBA4A7E73332FDB1608EE250965:24
0B6587F451C0D6DDB2326B0B77498FB34D6:2
0B8A13A49CAE370BEEC4F1723B13548A4FC:2
0BCE03EAEF9E0F3DD76684F1CB9E2BD2AFC:4
0C082C7A6F383113DC54607D193A9736058:1
0C61F78F567E9A08E337156278F81D6162F:6
0C6DE773A7FB7DF3854509F4C609F21A654:1
0C750E1B229552EF4624AC95AD4C626CC85:1
0CFAA31C33D7833C35C53BABB8EEF00ABA4:3
0D24EFED3155B463D59A1DE134E56588625:1
0D92507A898FDC10E2318EFDA8C5FF728A1:2
0DAD91D2F0E8F51AFAE54CF58C239F04139:1
0DDA8CB54C5F6DA8BCD8E9C9944D5805590:3
0E026D34161D6A3902E35F762EAC1D1283D:1
0EB2E706BBE0D1514EECFEDCE1C47E35B4A:5
0F776E291E513A0D736169E54A46C8D21D2:1
0F86D3B50920356AFA05D5FA96BBF17476D:2
0F88C77C03A6BD448B965A2E8E1DF0CC263:1
0F945F053BB1F07E52EC755BDA0966E156C:1
0FCF88FEBF5A1ADCF93C94935CB25FAC8F2:6
107E955EBA0B005490C4F5A3F461E81CF3F:2
111D79B89D65B2B6E23B33062C8CACE7029:2
117F1D17DF4FA9018F6FEEAB6E896A98D57:3
11F5A4F9D4C8B293CA1819AE9E8E24615B0:2
11FCDA09AAE8D0606D231CA6A7CA7A214E3:36
122A2C2379A80BCD44D488823875AA70550:2
125F91B50C8ACBBC436CE63C14A93F4C82C:1
129561CC2F910DF238F880AB3E025B9AF62:1
12EDFFB7C179AB5C02437BCBE194921F4AB:8
1328E44DCB3F7EFA4A4A7DCD50DC7BF49A9:12
1329E98FC258D323A4DEE2C1747D0AF0951:2
1335CC3E00B56472B9314C2D047586E85F4:2
134AB56365BA8C93AA511B1445DAE2FEBD5:4
13678ACE1CF152625FE42BD7A1EE16A5B1B:7
138249DAAC75682FE7702BEB93B4118CE55:1
138308CC1943A39F9FDA80EF36CA6D82DD8:8
1393C4C011628E01931677DEE0DC82B766B:2
13CEA9CD2B6CE5B6C142B5B2A5026DF685B:6
148B5642AE65E43E7A5289251A6A1F99DCD:10
14D5496D6ABA4C2CC8C81C9F88231C4EFFD:3
154F5B5E1666FC0471023CF78F1200AE650:1
15620C52AD0879D95C8F7BD005CA8E1C910:1
156BECB04F7F4D1F70AC1F16A848AD14760:4
158FDA821D4538D89637531098516366A6C:3
15E70B73F69ED787839B564694CFD4EC427:14
164B6848D337D460953D9CAFD6BA48C0A08:2
16757F834467822EAF4FEF0FE18D0C3440B:2
16990630A53CE208A07C633CB05A60C2AC1:1
16C50C8A7E72DEF51B6328EB5DAB10D6DF0:4
1705038F22883FE865C99DAE6F14B7BC628:1
17452E71FB377035719BE69365C5F8687D0:2
17A89E344DDA8803CF3CC0B00534D895C02:3
17CE11B1881C37857FC4A7DC06CE4CE3C5E:1
17E14830197B5CC75DFDE371B6CFD23029C:3
1856AD5EF3A5C3C7907F5D0A0D735F64DC2:50
195F38C953313CEBBDD418F0A9E3C197FD2:1
19F121E87B9F69A5DE75E6E17F65EDABE24:3
1A8A8F6D30D638FB7DF9EB44F59694BC02C:17
1ACF8824B8BB392EB14E23D7230C68DEDAB:3
1ADA5AE5881237225FA9C18BF7AF0B4F1B2:1
1B79644041932048510104DD0B027456A10:2
1BAD08E13E026B4000ACE13EEB60135E737:1
1C1D0B6C1C8FD5DE26F49BC8CB088050196:1
1C6149624159D52FCC2FE26597CF52E89C3:3
1C68C9AF75156427F75B5D6CFDFE39F6DAE:3
1C8A89F157F48D8A9C159429A7E6CE71DE9:1
1CC3513CA5EB78E6D8DB16D8F729ACA2E1E:1
1CF775E3EEB7C644CDB5083ED5A4414DC64:1
1CFFC9690B20176D5314F4F8AF53EDB67E1:1
1D2DD0FC57485D8B1D97178433DE429FAEB:6
1DBBEAD4B892307BE7A7B9EB7D86B7302C1:3
1DCBB3BF6D847081440CD974A5993FCAE46:14
1E4F41347C85CA235166C9A46D94CD671E6:4
1E6011568E1AEEBD7B35EB16E799473F33A:2
1F157229A2246C3D163C8B66FF7ACE16014:3
1F5E47BCA9201AEDBB94B6624371FF9DA15:3
1FCE23511327FB795B3905E22DF9396366F:2
20030D0C68ED992F523FA7C44D1253DB1DC:5
2030752F74D4B63938DD88DF61E31F0C02B:2
20DF153D9BF083B6CE9C8D15861B8F43F8D:4
20FB7D7E8BEF973DC17D27325F907492436:3
21075B545AA674E5909DDE3F2414DBA59EA:19
21B9D3C5920E5D62FCDC91CB006F6B7CFCB:2
21E3C03152BA9EE57152D9F4BB11D536525:9
21F9B9A855AF45CA3BC6F1E70E9FD942255:1
220AC95984D84529D60E19AE3DEE9F43E5F:1
228D345CEE3E17F534DAE7B11490DC2328B:1
232408C713698B7936DB3B11E36E2E92374:1
23D71D002DD1ED50AB1581A7CC02E4594BC:9
257FE256C9DA93AC08CE78F822723B41A2D:1
25966553A391010AFA74E6886A09236F115:3
2622D69079C415F387EF9DA9FA98103EEA8:2
262F9A7A58FF5F9E89F2A7C4E6C741470A1:2
265F34501463D4FBDEACA75ED84AFF52313:2
266A0E204A6A12285AAE6A5D939B260F8D8:1
267ED762B798DC888865146B1683951EC0A:3
26B75D94639F8D2C4E732533174CBBDDDEB:2
27065EAB26BB0E4D6A91487A7BA7E77A506:7
2720FFC85017A4A7435AC31808F7E104919:1
27A91ABEFE6CEDF75B293901222DD7B85CA:1
27B6F2FA6FF9323CC3FE1A82D36447BEAF1:3
27CD9BE07FFE2AFB45F3ACF11120B5D2C63:1
28118C3863AD217612EF746B58FBAEC4FD4:2
28A7BA2DD2F024E3FFC05E854CCE7A22D95:50
28D0947489ACD159BF27BFBE64633CABE1D:1
290B6E966F07181AD1915B6F1FDC37C0246:2
291324F0564FD08D3D73CFB9B2CE2E04FE6:4
2948E39772DC7938E168F5FE846BE5232B7:6
2B471D4E5962C5BD8F7D63A269DE9EBB354:7
2B61DE9EAE2C49C59DB4ECDF58F3D999C24:1
2BB8DCF4CB610A89F03F649B12DB6357889:2
2C2D4968036E86555BBF42D465C2F621B15:3
2C2E8C2926E9F118727AF542DEED35444EE:3
2C8893476C6B82214C21003B2404C7056D1:1
2D2D17C177FA60B7BD123318898BD0DC8DC:5
2D71A30209A0938BDDBD069E9265D551270:6
2DAB2934756FFCF7C32A6DF4FAF9CE93A9B:3
2DF2E6B53C4213339F27EC20DAB36069D46:1
2EC0C43A79232942C6D204368C316E045DC:2
2F2E51904623F6B503AB6361FAB7F21CF16:1
2F352C9A08E345783C985D90B1DE145327F:1
2F3ABB321EAE25B466B68CF117BB15A57FD:2
2F6EAD000104D8F77DE9B5E85098AF36627:15
2F73E8CA30665B8F0CD0FEAA02C65B2E58A:19
2FB871A3D28BD42E342C6BAE0E3380D3F65:1
2FFBEC35CBB6111676562871EF0BF11CE8B:1
30FD46944006DF7B0C68BAA5EF278543681:1
31CF9A84A30BEF2D1DC15BE378FAEFCC642:4
3230C21FEF47001AC4B823091F80E81DE4E:1
32DBBE7A57F38F88AE6D6D42410EEEF5EE3:1
33694F3387590BCEDAECEDBD2ECE4F7B73D:2
33C5B5D4A8F88382405C03A8F1DC61C2BCD:34
33ED74B4B8D9A5BE6E9A005E8E3C11F9394:13
341B6BE2428CDBF487B5ECA7C1575D7173C:4
348964AA166F4969927F41E8127C39C0A07:1
354A8664EE98FE6DE516517D275096A8DB4:1
35C7D5BF7D6AF7E5A90F35A18181664C2A4:3
35E519682BAE834019DEC2EC9BFC089A7E7:3
360F5D68E715FB194BD20104FAB16F3E91F:7
3640A7DAA1E407234C779FB090029CA3050:10
3642DCAC7A6F619B351FC06181C57211E58:1
36657BD30B0D5B71D82C31D20444768E601:1
37839C33B25669DCB22112166F6C40D6585:1
3980EB45B8E2C3FE36E7ED96E0A47991BA0:1
39E2E7BB80D907442129DE5CA51C3E2AF06:1
3A0292083A23F6205A5E1DD1E8D64D1780F:1
3AFF052D6F98D287919D5858CAFA8664EFC:1
3B0173DEAF93C1C6669E8145C7CE4F33825:4
3B2B6BFBE714A3758B797C254637E8B2DC9:8
3B71D4A7B0485C1C2ED7A4A24AF125B71E0:1
3C263A0F7997CD4EE710B0CCB7EA87D91CC:4
3C56BEA4CFEE466829DA26F30E1199E35C8:1
3C7375EE594508CD775036CD4DA008B5049:1
3CC72A317C62426EB12A1553C5D699D5060:3
3D05D888E12CC43FA3FB97EC8F79D987DF4:1
3D4D9EB91ABD1FE0253455AC8FAFF32F109:1
3D75F7A71F3B84D5ADFD6E17A1136A415DF:1
3DBF229D41666D0CAF590EA3B0F43D5C4EE:5
3EAB12D9C3CD9263F316BA39868F8778A16:3
3EC0E55F10E0A616C65FB421EFBC6285B13:5
3F5AB3F47483F21B234CB073B25180949E2:4
3FA32E8247EA468FBBD5B91FC6EFFD4766B:2
40299C86C0ED3E6913AC7B71D0FA2162468:2
40D2BA196278FE8D47D7623210408B12000:4
41103F378D992A8233E2E43065784311DE1:4
4110E87EC5B5D63C6E958D03534632A704E:5
412465F8D92A0D371119D9A806CA925D86F:4
417A48A3893C72CA224EFA51802385A86B5:1
42297449A76C96E92588C106E41DF3CCE08:3
426D71387EEF70FC3236169CCB1070E86F8:1
42E36464BA185B14EC88FCB00E2B16BFCD4:6
43A2B7EB90638C0037D0CE8131B1237B5DE:1
43E4A58CB1E7E2C194278FE0CA6F9BC7C61:39
43E4EDC02C2836C42B6C18BAB3021E70971:2
43F15A21A7E424C7DB2A30E0FA70085C2E6:4
440EA21FC44F3AD1AA21F6B05F45C6FA3B0:1
44254E9AF55D7AA20D11730971E2A53AFE2:11
44590DD292C8C08D0BD26857C0F06B14FD3:17
4494A7BF96A3F4A6739A5A9721B37CC57EF:1
44BA6A7CA514F0B5D81A161D02DBC797AD8:6
44C8268FF7C3A935EDE5801660E2587BF52:4
4529054114DEBA5FA8E16DE3D7F93A059CA:25
458C5322DCA2EF2A65F16BD6EADB10B667F:1
45F73C5F460352A3DB6E08F161087038304:1
463D5FC82C71F239BB542C5614AD8D40F01:1
4683747132F0B4BD3238F6B997658963B80:18
478C2C05BC13A9D6E2BD353EA11F690BBA7:84
47CE9A963FBBD13AD04F8776EE1ECA570AF:6
487B45A9457682E846AC5F4804B1CCC8CB4:3
48A0028E585C7AD86190B6F8B4479CCC5ED:2
48DED577C646729D9CD924FB802E75ECC89:59
4920CD5DF0362400E12093F5E9936DCB144:2
49A46A931781A054C6EB9D7300CCD954E94:3
4A03D40C582A04D0A74DC5E6A2052E52363:1
4A17342841D91BBD356AC8E0D9A8B5D343A:1
4AD1FB249209F5C3593A2A9D53502F9DD33:4
4AE2AFDB407018206F20DFA1FDE3A211F6C:3
4AE711B5E3953F92E518B81E8525E4DFEA7:1
4AED90B90975E49ECC4E325AFBCA258013C:1
4B2EDB1CFAE3C57E425F06E03B75DE030C8:2
4BAB81BEB1FF29686637FDC831740FB475F:2
4C1D42689C3AC09FE2EB5B1D7349320806C:1
4CE72FC7DA03A92377A4D557984CFC96BD1:1
4D5E6976426D52D30DB4C06E2D949AFB0BE:7
4DA60EA2819639424FBA3EB94A88B1D24E6:3
4E0C9BB9B443963D14F29DC886FD076FC2C:1
4E624518B0F248C547B0F1675F432FA2C00:1
4E7CE11188D73C31FAAB2280F1B62879A86:1
4EC15BC97AD9EC57BD3B6D1ACA960EFE530:1
4ED75C573F0A2373D16C1AFCA8231D4D504:1
4F24F93C4763862282D0C8FA796274111C7:2
4F3B42F4CE9FE8C5429F3716B0BE776FE01:4
4F795367FA611BE984ABE7126D043851651:6
4F9C859CFA8A5DCCFB28419B62648A6E67F:1
4FC47C088CC5157E9E48BF33059FE3FC189:2
4FCAE8515B59F3D677088CECE37932103EA:1
4FF9F2EC3E0488CC1D053E8FCF4C211DB24:2
50D95E4FF452C519D5DE7F64A4688B2268B:1
50E31908A85F35E2C190F8E963DCD9B2857:4
510CD9095BE72A163C5E367F7CDC65E65E0:1
510D061F99C165870F38EC0FE566C2D0796:1
5129DF22B045756400ED89AADB89647E4DC:2
512CDA3C9FC9A01E87A87CACF6D7B3549A1:3
514D4B97FA2D3FB58759B122F4B6982302D:577
51505B8060D25B5B3849982558FB7D7FDAC:2
515C1EFCC93F77A0726B1A99165B0AE5C6F:1
523E2840B77EDA24CF97316762AB6F74668:8
52424EB0C7880E2F7A82279367BC4AE0771:3
52553EE75FD8869F6C9A2AB2E774BD1AC3A:1
52B21E1DA7E69A819A7FD177964F33EC7BA:2
52D8D6885DD78BB9B3D8039D2C2E4550E81:11
52D8F0E267C9F9D9D4323BB3A96C1C7BBCE:1
5329B08FA6C89817DBB9220E53432C4B699:6
53EC1052AC1F7648A75154B498149AADF28:1
544600E458A5779D89178F6F6DC86BFE2ED:7
54B260542B79B0798C0930F0542DD5BC405:63
5570BF1E09C033CC7EBD7669869DBA5B2D0:4
5573CB378E7DCD666BA23078DE68DB18C6F:5
55B3D0641FA8B09DD775F32C7F157AD24F9:1
55D2228D7795246D7FAC6E57836854F1E7C:1
55D3069F59528750301140C18E3445D522F:18
567FBDED12EEB479A542843D71323468808:8
573A2545278E0AC4832E5357B2BA029DEA9:1
5789E6254072F060D6E8E516453FA9F8510:3
587B47665832E617FA7F7FFEAFA84C69E00:1
5891FB90784EDD9055D6E05BF412EAE7C8C:1
58995391FA97BD5128005C12E0CB989FB5A:2
59008017E6274BADF352739F89FB0D9B77D:1
5914F8EC7C6A59B05D9AC62D3B86817B1CB:1
591F6F38C63597EB8602A90B79A25E47E04:1
59321563ED4976A8AF6D0A5617ACC32CD0D:1
594158C392EBCD1A576B67F6B721942404B:3
594678602E2CC58F138BF4641D9367FE751:4
59C213179996A6581A855F5651E88DB95D4:5
59DB4A9BAA2CA1B9D9ABE3805E33B86EB06:7
59DDA7DD7B04F954E1C107CB5C3ACB0D154:4
59E1E8BB7F6E3728A6DC5131A8CAE432949:3
5A2C3A0B076BCC7D4AA7156292119D8E503:1
5AA69380EB6681094D57DAE2BCD4EF12204:3
5ACF52D4DC763774368A5A9A536D3E923EC:1
5B1D8AE0E7F4BF4E7C3190C475F5DA4BE65:1
5B2A270A9CBFB1EA17E8C0608FB53CE5774:6
5B427CAF39E82D82A37299544562A647917:3
5BC2179072A8F0204603859D6EBEF73A3D7:1
5C89BDA43A8BCCC2445495B1485FC11EF67:5
5CEFA04A50377A69EA3A822B77ABA0172E4:1
5CF4AEAD5C774AEF7B0C36644D8FC6369D7:3
5D169A7A10FCECCCD5275DFD54FEC062FDD:7
5D37EF54317278ADF810E8EC3E8D0E24047:1
5D5C5CA9EC7256A32D697BB778577082600:2
5DBBCC1F5E01F517A683AE35BEDF36DC04A:4
5E8C77AF01DAFCE1A38B6DE5224F740A510:11
5F046C4D42CA5EB0C7825D054500A674FDF:10
5F0501B8B95B478D8DE55C77B3DC4938232:1
5F0BAF3A177EEC6FCF5C91C6CF96BC5486E:1
5F66EB4DD07C840B0601E410795F18A4E95:3
5FE1633D5603E3D35A86A97D961B09DEE46:1
60293BFABBF52F567DCBEE07A008AAD9F40:2
6088B1FEFECA3D6104F798F9D4D79862D2B:6
609B2635D5AD098FF74C4D56A643AC765B7:4
60AAD425992B18130032EADAC34D32E1A0D:2
60C05C2EAB18B5976D507B01AD412A3D391:4
6134FF80F7AB162ABE885E8A8DB2802A784:3
615A56C1BFA80B75B665F8B410B785F3F4E:3
62343C82FA926D6D199E83B543C236AB272:10
62A2B174E0FE30160769D5E0D772176DBA8:1
62C7A547742476A0DC8837584CE69D9BD35:1
63DBE91634B49DB880549B61453854D69D2:2
63FF07998DC60BCE5252CBC7229410FB0C5:2
6458E09E5765155F28C2DB80EFEF7A206C4:1
645C2878DE2CE22C0D9093165A27E34D81E:2
64EC29B25DA6D8537FFB905D2A858EC856B:1
650293C7D05D2129F0CB73F54B2DC5680B0:3
651B0D946540CFA71B2096F1928EA5CC0DB:1
657CB25C346199EBA8EC727670808922154:2
66B23948BE1C1DAE34E4E41CABA80C3A01D:1
66C60AFD370D54E4CC86E54313AAC87ED41:1
67A222031200275FCD66DC9407499D210F8:2
68665C6A4F37DFBB3804A3CC1E48435DEB5:3
6971B603FA3A354496E5795EB891D89A3C8:3
6976E962104F07B286EE92B80DD20554EAF:29
6A14F174180F2BB89B622143D1EFE33B016:1
6AC60DB1CAAFA179C8ACFE453EDCFCADC58:2
6ACA1B0DDCE7C5898D77642F42D34AF4C37:1
6B0B7811E1C34E2F573D84D1BE7763590B2:1
6B2B337ED6173F2ABDB3FD07E4AC3D7D64D:6
6B52DD17BC4591353431372887E51DA2779:1
6B7E0DBDB9FFEAB96871B19CADC28E56660:2
6B7E508529551A67C4CDC3020AD7131A4FA:29
6D6D4296F41E5E7A17B8958F52050182A70:15
6E21A1D595934E6EEDEA7B617CC678BA216:7
6E7DC65D745199F81A4140276B6542A6C7C:3
6ECC31616C2F76EA0FF7195FBB39C302DE1:1
6F0BC3766425924443738220CF2673ECD95:4
6F110CAD7CA31B335D709862AD1A0FD2F70:9
6F81A1B87107CD5ED0CEED680839F4240F1:2
6F971BD3F5F0BB7D977079EC5FA7F0EB6F4:1
6FA7E980DFC995C4337DD56329E960A23DD:4
6FB1A6CBCC77B5C5192F8D593903F96A43F:4
6FC27A04B9B6C029907E13672675ADDC9E5:6
701E22F84849528FFB2D8203E972C403D79:2
708A76F37E8A0C714BB1D8E302F1A986A12:1
71430485FE0B603113A98C6EF4DD1FC855D:11
71E6955B97C5BB7DF7C6927838E6F9DB07F:2
723D63EEFE4E3357B6CA4BD7E554B15470F:1
730D0EEFD12BB704162379562EE3E8DEA8F:3
7310948876FF38E2A1045105876D66DF733:1
73788237C2D97452C4C54B45989F71A5D3C:5
741EF325B30F76E6392C52DCB832BBFC447:1
7487462F3569BFC1B49BA8F668AB5881555:2
74D3CAEFFC5C17D1BA09504436308488648:105
755125862A3D5927CEB535AE49C7B927D39:1
75D9EC3A56481FED89451E69D9760E19771:1
75ED43711288FA9E1A6EA9F4615D61DD7CA:4
761134D1B1DE5FA8257ADCF5D330F2E7916:3
76174A1CE95B69D7376EA19FF254A81BE42:2
7643F9B5556C121BA4757B559BBF0FCED9F:3
76611C3451543FE60643F9EA5EE2361290D:6
7703F3F9391155425E77E5C4DFC27EFBF21:6
7715172ED5AED42FACD150C6D075C0F42F3:6
776C71D9AAA0D5E3DC2083D3146E61DED7D:1
77BE9205CB241DDC27318B6FC3A10DA2AFA:1
77D925F903BA52B10ED786375D7E41A6BB7:1
785284CF4E7B8500C573E1D70A0EEFC53E5:2
787FE5AE111C0EA75CBAA81C7458D85C275:1
799E583DCA62F0AC0ADC81E3ED08961431C:4
79C6673A37D56051C557D8F13D2CF8311CD:2
7A0E31FF710C991F5AA44C26EF58F0088A5:4
7AAF21F4DB9CE2AADC787E61B6FAA1D9F63:1
7B21AFEC273C4C33E644C9321C2E86059B8:49
7B36AECD6404B401F34789127AB7F0AC8CA:7
7B4A3C61ACF8422028BEC5F856F46118D1F:1
7B71794CA47F252C116A697DE73FD40AAA2:4
7BC4D7153C648F12C8E1F5A39A7CE74D917:1
7BC93ED02A8347BF25B0847D3455CE49310:3
7C4A070827EA665F00478E4B00A302ACEA1:3
7C5D7C6BFDC2444D981BCC1387BC9DB2A68:1
7D4FF8E9AC0A47AD3A28083E1D56E9DC50F:2
7D6C43609A3689D5CDA563A37F7100E3422:1
7DD2C9C29E4964D4109BAC454C17A56A57E:1
7DF097223147C6867AC4606A77C64A4EA88:1
7E861701A39CE6C8B10BBA0A68449B5AC0E:10
7EE2747005E05DB80B9DF437BEC3B3E9FD0:1
7F683C2EA8E7B79988015B798BABA56294F:2
7F754551E27914D9658E6FDCDDF76C0C4A2:1
7F8FE11D4FA7F226BCAB9D3976A120EFD46:1
801FC45FDB5754AEBB7691D08D457F88493:5
802A7608ECB807D1C056952FA5A3F8A4E42:5
8058A20D7113CE99E61BF200ACFCD7C151A:1
8241E8C48C974DD619D46841F0EF598AFEC:2
8248479A0D6FD995D97FB3900757EABC743:1
82854AF95F2DE6DF9717230D7419B7B240D:2
8291EE696BE87E266A7DA4A3B24F039C573:3
82EE68DB8872CF13D802E64791337BBD859:1
82F9CFB23A68575E3BC5A091494418ED606:1
835B4CE0F4BC77E5DE421D718CB786D22B2:1
8393D1573B02E7E8AA0DDF9F05BA888C0E0:1
8442C7A91EE2DBDD5CB0E8167D42F350D1A:1
8483F44D5C191766D95972E48D4D9A7756B:2
84CFA7C434DAEB4086615AB21E683086EBB:3
84F91C842C10893E18FDA1FEBA53FCB5DC4:5
851BE7F85A1AC4D107D4DFBABB0F237A6EB:2
8581BC4B4941122AFFF28213C046A3DB0B9:4
8712CB26845EC7D31EBA01B4A37C870D0F1:6
878647BE48C4FEE799A152F982AC5C6D1A6:3
8790BB1F7BAB8FEC3242A49ABB2935F9D63:2
87ED8D361AB90506552C708B588E0DB3BC3:1
8831636529A878F5A15B72FD320EAF51F20:5
883C0F77ACB4170516F03DD870DE516640D:3
88995B5AB38DB48C2F4AF3D3249D1F2A297:1
88AB2DEC78CB005D111AD1FC85B34387D5F:1
88CC21A829728A2E9B5ECED2D786AFFB796:1
8909FAA772DDA94B8C91AE3FD649BFF4803:3
897B622081753AEDF73AFA7D7D3D0E68F4A:2
89B6EDCCEBEA32C0F3042FBB75926335717:1
8A2FF00CC7F2BD412AAC28212F4BB707215:2
8B22D25236C61D4C59DC8C776BAE9E10296:2
8B53BB0A4CF2D56EED875B21D871D021170:2
8BA42D704CFBECFBC4BA0384949901FDD6C:7
8BAF633CEE40AF32C4312EEB444B7D70CCE:4
8C77B2EE9021006492C6C1671A4EB5D3035:1
8D447F1F9B04A52257812BB913EE500F7D0:3
8D6AD3C14C89B3098ABDCE046B5E698D2C1:2
8D7AC36006991D8EFA8F75CE47BC0143296:7
8D7DCDCDE0553BCAED9ED91E65E5E037952:1
8DBA4326F0EB1AC8CD9D73695FA24A78F18:2
8DE03FAC0BC54F40C868E924669B444C3D5:3
8E03817DBEA79E198DAFBEA3090C9E51047:1
8E11D8CC7E5097A4BDF8583CF285F56E3AC:3
8E9D76FB33A61736BE23679DC0D09E7E706:1
8E9FB0DD20346836DC09BFF56E973D4BA0B:1
8F2403076FD229D0A3C068873E888FC8D41:4
8F681402B3E8878EA1CA8922161795C9322:1
8FA88ECE00CEBE38DB53BAE967BF741634C:4
8FBC7743453A3188D35138DB5CB6ED63A75:1
8FE4BBB9DB8691C52B2E465F6D5F0B201FD:1
8FE5925567F79256F28F6A336B10E5DDFE9:3
9076FFE092329F73DAD964240108502CA1E:2
90916F2B6FC74E9B8BDE3591F741BCD90CA:1
9092E056E26C61071F72F94A6F15247C349:3
911C604BA36DC33B03F34B81A983D46104B:5
91E3CEE4C65C37DFC29A0945D4E2FFE10F2:3
91E7C82353FC7222D0069EEECF0B3AB0F58:1
927025B44EF7EF1802D00C0612B187B092E:3
93A801B3985BA38A48FAFA4B270A17FD2FC:2
93F908865776BADD81283755DDE414E0BA6:1
947EF7E7FB5973C0261438E34C7D8111C86:3
94B73D7371246B5B26F85A6904502991D31:1
94B7EFC70222F39E395977206F815E1F397:1
94E6A953CA659A10E55E58E559922672A51:10
95721CEA2EDDB0E5772EA0E360ED8EDA4B5:1
96867E4B5102DE9610CC692FA28437599F0:2
96DEE371747B44C0310C2D4648B5700CA10:2
9765BD828401AB9CA1E64EA2FE1D6A9175C:2
97C1F50476C2074995700B4A7A52628C2A4:1
9862E9A2CC11AA7A93E3573B3EDA9B13BDF:2
98B1EF9D788390026D0827B190B12E37AF5:3
98B8AE8C855013C118B519D0F21155D541B:5
98E5CA5300D9BF00A715D12697AA657E831:2
98F49A0407EC4B4FDB8198D4032A7849455:9
98FC8213844BAC7B41BB63F7C3A693EA7DC:1
99B71C1E8C00310385B841105D318AEE308:3
99C2482085CE2FEE470662C651F8AF1CCEF:1
99DB2F5953C7796F72C0EB6F96FDC1C42BC:4
99F5A9A63FF40CDE9DFC7D945E8B835C5ED:1
9A6F03ADA12158845CAFC3C1276F647197A:946
9A818C028F2A8A40C3C35AFCA43D91EF296:3
9B1F83CC6C4425B6A66D95D713078D1E37B:4
9C1400B5DD3BC940B5BC26746B6A56DA207:1
9C585E9D4F1A4628BC93F6F389A7C2B18F7:1
9D0487F1A0181B6B474280E82B9FC626FB6:15
9D507C0BFE02DB7FD188D39BFD73B370EBE:1
9E159144D38F90923A764CBE6C52727720A:5
9E1E00E6F1B3D60264F55AEB8592407FD4B:1
9E87C00EAA2A7D9CEBCEE9389A975AD9A4D:3
A0CD8D55660F783A13C523AEFFB7254B880:8
A10DB19713B085A91541932A8A700E31271:8
A13F65AC196325FEBC1BDC54BA7DC06E49E:1
A1C2DCCE5CA30BA53F97D6BE1645918283B:7
A1EA44E4F129D55B3E0E89095EA1A6347E1:2
A1F673842777549A436710B0312F081571D:7
A2140267B6D0388CB0EBB9976F017379E2F:1
A21D4114B874A28ED829BE9A6DD38A1EAB7:4
A28773C7944EF41201DC6B9D59F6C88EED2:8
A34E68601528604FC0BD6EA058AF2CE2E74:1
A40987EAAF6279453BA440D373886E80BFE:1
A40C3D53ADB31760F2AD8170D322AB5CDDB:3
A43DAA202060BBD5C5391E039793C2DCB64:1
A458174FDE0CC8F28AA48C8CDA69B65B1DE:2
A47B606CEF12D0AA2AC5267991069038DD3:3
A4CD958CBB780B272A578C49A1F6BDA1C2B:4
A55A8AF8E2643AB32905C9615247003B988:1
A55AA5140312C43E00BA79D38354C17253A:2
A56FB523AA701F4AC57C89F9EA862D4B865:2
A5C8D92E3736FDE64FA4B4FB0C74F0EB809:3
A634EE5426AABA9382222633BFFC567BFC3:1
A64A390C43160C45C7BDC545D728B501340:1
A6AACA53E0A3B1D3CB0220B6219303ACBB2:2
A70AC7CFEC08532057C545D3C018B4BA9FE:6
A91CF8BA70BA139D866EA0A2991483A3CD8:1
A9209E0783FD60B1C2019A081F98F78D059:1
A984182F152203A898A38CD2D8BCCB3D79C:2
AA8319E8F980CA5589366E55B2AFD5DBC89:1
AB044FFAC8FEC1B0867AB848ED8DE3D4E5C:4
AB36B42015F136D964F4B3D5F389682E333:1
AB39CCD4FC3E860F524F86371A1EC81E350:1
AB53C33B26F2192CCB89D4F47013A43DB24:3
AB88FEA5D0471DEB1734EA65C2C8F2E185F:2
ABA765FC3CBE14E29954507043558EE9097:8
ABD5175237B825C5A19F579D759B23DD8E9:1
AC8B097D8177ED0E04FF2CCB9CA6BD283CB:1
AC9BDD4B532BA455C630A99F754642060AE:3
ACFC70933B5EB330450F91F789FFDC783E1:2
AD76DA4AA5726DD04076DBADD8FAA471559:3
ADC6402A28E9076456138FDD3B1B7873A5E:1
AE0B9DF99EF968CBC014893C211B798441C:1
AE15D117C6806E1382B1F60B62B7256EC8C:1
AE7A02C86EF023D27F7BD6B1197BD927DCB:3
AE9CFB2092C3F7DF1788C74319B931DB5D4:1
AF0C2D4D3CBE34DDB5B022BDF9584F12D9F:1
AF75DE3BD0D3C07D345F357C28B1D405E63:3
B01D1DCACC4238027B42F21B162C2ACAD68:3
B03C0F0A3115D42F6DA8D5D6E4C0DD1E6BB:5
B057A2C2450F47DBFACB6ED70893114896F:1
B0992F06AD2E541B15E4DA540B4BE575380:2
B1014865E1A2D1C96BCE0D2FF84E750E399:8
B14339F35ADD9356FBE7BBA4C55B6525148:14
B19CC4495C7F2D6A4AB3EA2696FD864983F:3
B1A34636CFE4BB0B4D6DBFD3742E8E08A7B:4
B224EDADDF888EB948C42E0E95AB1074380:1
B24CD75781657E56C83C20EA1944119C0AA:1
B2939330E221B18B37B7ED143188020452F:3
B332A0761583315E88D3E8ED7F5EFC64D67:12
B36B153EFAAC0CB3F9901D557A47BF64D81:1
B3E81CBB58D671888E34632CF99E4272ECB:1
B476308E5824AACC9B548FA38188D76FF28:3
B4864056CF682F4D67DEDE76DEA663A7050:6
B489A34A4621ECEFA0E8C0ADA763774D2D6:5
B51B59D5BAF78A1DA14DCC27758BA2A6E3D:1
B52E8B1F49CA5452B0795B84C99BA4CDE55:1
B5405E66232B4A6675E9F64D748552D0E59:2
B5DDA197E713A66B830B549C9DDE5870BE5:13
B5E51F9199D487FD44A4E935C38A1CFB7BD:15
B617E20386DFC5392DA3E78B52A5FFE22D4:6
B6411BB2B069BDA93F860BF05DD241926EB:1
B6F0AFA75BD2AA2EE9F964501D807BD7096:1
B6FF356CC88BE41A406471E1D1AE6B52E91:1
B71891B05896200A393C3BFD95D2B0221FE:1
B722F80BC08243C0A2209315E58ED21B036:1
B74DED83350E2804C6CAB09AB474ABB536C:5
B75F74E8F91569C4DD76CBAF42098AC6DF7:2
B7D14A1C73201C900BCA8F3058AA30F0CE2:1
B7F31215242C27B5C486AF60EF862AFE56D:1
B7F8C4F352A8D805A3129E7E5970CC2D29F:1
B7F8EAE7702B65D58D11A6DC8EE998D14BC:3
B867FD7273F76A3DDF117E37EC7BCAA854B:2
B8885C8A9608A34CF311A25AF0A39483EDE:13
B8887C69253B655432678D6A479FED84B7D:3
B8A6FDD7BD98B9D4CC24F16DA89420C3A37:3
B96E96BDBE865E5397CDAA8856D53137B64:2
BA13068C81852EE91CDA4F172FB92DFC7D6:6
BA14F335A1A98D66148B0DB976BE7F04AFF:1
BA31DBB13B7919595C0CD8E63E3CDCCD5DB:4
BA644EC5482F7ACA7DB2964A8E4DF411341:4
BAAD4BA8A0C22658A095E08D00D62DDEB89:3
BB35D401C83CC00F57D02C337F7B219E74A:1
BB9D8E66B2A58C17940F4EF2A73C4C227A8:3
BBC35A187E4EC480D60F94B1403AA3A7ADD:4
BC06D3C6AEBD93E60305C6BB77CF3DD41AC:1
BC8478538D242BA22A3D081735153324636:3
BCE8864AF614F45D688B73CCBE61E1BAF66:3
BE0D13922C678DF528DD3048F02522A5FCA:3
BE24D8CF0B9AF2E1E2186830BE212D1FA2D:2
BE559C3FA4D68D522B665D89C1003D56E8D:1
BF049BBDE8696CEEBC5ACDE8C32A1D4F63E:2
BF6F9451EA9E8D463BAE0E3EC198D5029E7:3
BFAAD20D95FBF53CB35E4FF0A58137BA4C9:1
BFD12CFED5B20CDF2801593B848992F4E11:3
BFE6D90784DE9EB4214F40B41B1A4EF703F:24
C0127A880C75DC0DE4913C9D9227C5BC13A:3
C0768752527217BE7919DCA67B1A21309E3:3
C08D52A8749E5C10451388FB56C61881952:1
C0927294D36E9E3203972AF956B0152A59E:1
C0BCE82174A371F0947A34055F908620120:1
C12792023E938FFF51457D2DB674C7C83F6:2
C136FFE442D066ED7E530B894AC209DF628:2
C167B1A8ACFF00658C4E0B41CCE352ADD6A:1
C1FDE4AA0DA4B4C7E4D96F8CB17DAA994D7:3
C2A7440912C8289620F6CEA1A308A101F93:5
C347BA264FAABF34E31DBB1B8955FF0CF76:1
C3DE7697E1BBB6567F4A884C6D2149870B8:2
C436CD9F4E28FAF1BA4CE45959ED851E42F:11
C44B369E6F746382F5D53E3D1FD83A1695D:3
C44E7E0DDCF0EF39B418A507ED5F1D02C18:10
C49131C1C775BB5A147060828A02FC6FA80:1
C5B733841765C7F264992774F4165730DF4:7
C5C8EE4DC0090DEA8083E1515C1179528FA:4
C6099A673BF29CA01F8762B228308ACD59A:2
C61407B1CFEB352C3C548474B04D83BE1D2:1
C6376CFEB337921AB902F6EBBB55AD5155E:4
C72233EDD28529DFDF5B0647E7B5B5003A5:4
C74B5AAAA3647FCDBAF82E8B1D41293C7F8:1
C76FD6E0B432B6FBA98EEFDC8A03B90A8C3:4
C7A758A35EB9C60AB03F9F9895D366E0F5F:1
C7B56A05C0C8094ABE9566A3D02D017664A:1
C835C48BFD3164182E4F2CE100254C428F5:2
C84B9F4418127B75BAFFAF702BA7E9994F8:3
C8CA20A2D70639C7F182A93EF69C6D921A1:49
C949D73D9E57306FEF74783E82C8DF7A93F:3
C973B7739BA45D8B5BF370D26037E870A58:1
CA282B03273BB9B620A4273E1D0865CAE64:1
CA58234A9800DDE057823B82A8DFB666A1D:1
CADCED1D94EB37F0BB3808115E03583D3B5:1
CB494C89EF18EFA52395AFD109F8D7D98B6:1
CC2071FF72A106E194ED1B078CCB5325E8E:4
CC3EA1EAFD54A7AF510394D9A6D1D1DC085:1
CC97A1328E7284BA6B7A8F1201ACA6187A1:4
CD7524BBD243FC81EE894CB9D647435A82C:1
CD9153E2822795782F08BF226D899962ABA:4
CDA16C9DEBD9AF2A9365A516292CA333058:4
CE26D2775452B532526E6F3AD98CC8340D9:4
CE86EB72929DBC649559E81DAE44960E42B:1
CEA19526FCF2B219BAE394C83A7CB0C9BF3:1
CF52BF5CA928E7B70B26BD9C473DB3573E7:1
CF6ACDAD2A2F8829C7423305872889F14D1:4
CF79ABF24857840BE0F25A769EFDA13625F:1
CF8D37F5ADFBAECAA7902413996327381CE:1
CFA05992DF6FC19F2CB53F473B73E1BB099:2
CFB4ADCB7AABD2BD00E1A8FB02684F45E13:3
CFEEEC23D982BE2AE84128E056D29638102:22
D0DD38FD67865C3F68F6FF1BAEBE56987D6:1
D102DBB61B0060489C76E64884A027691B0:1
D1381B25198F87B4FB319AE6B23B428EBA0:3
D179DB673E7D2B68EF08D9B045E10C6254C:1
D270CF193C447515E534E3696774E04859C:4
D296874F54EEFD669CBC73578EE28FBA3D0:2
D2F699C19D06CAE696C9E8286F683878A45:4
D3156AB3197AF104A6C132CAD3319CDA98A:1
D37346D6B235CA78B0E09768604963624EB:1
D3C90BC46592191AF08B525CE76B8A64E50:13
D4053ACC584B4B26B65BAEDBD49292F8F94:3
D4CF6F2FB8DD4D3BCA2E2FA6B92E8F44953:1
D4D2FE2C1C38A09F1DFAF58E4CA708AB094:3
D4E10BEB3E19399E134E4DE7FE273C15686:6
D502F54B801502A4BA1DE8CF15BCC0F33FC:1
D51B812A10C339FD2256AC856D254F4F214:12
D6945F8C62D23264498258F779CF4236D19:2
D6ABCE5DFF609D6CC546DCB55AE1540F910:3
D6BAD21F379D444F9A20E9AB53CBC0FA1AA:5
D6E3553C91067DD4169D4280BFA53CD8938:1
D758377E366076C570498E5CA5D7B3E7252:1
D85D76D2C1EAD05AB2300EF5DBB91A36647:28
D8754475E6EC038D5B5B51F77ADD719DB6F:1
D909555253D369BC213D0B9A3250FAC308B:3
D9DFDB9E618B816DC3771B5A58596F229E7:3
DA1935D3AFAB841F617928F7FD0B043AE69:4
DA7213B3289B111E0FA3D009BDD6772F0AF:1
DAD25CACA6202A92DBD281AE1B7237C02E8:3
DAD28D816467AEA03DFDC1AC61497C40715:1
DB35FC252B470009D5BC8474E71924F66DB:2
DB397336CF5F0110844545C93B001E0F62B:1
DB7DD9A31878F8C3CAFB7FD89FC2EF6290B:8
DB9479BE12F42F8B99307BE744B3A53562C:2
DBA13C38210AC558748780A6D99673BF266:3
DBDF2898F899363680070E8880353A1A01A:1
DBF54FD1C966A72AACEF89030F1E0708CA3:4
DC0CD4D0A1357E6C08E77BCB110B8B3CE0C:4
DC1214C70A636041B705C49A6258CDD73B5:1
DC5D16CDE6001C81A796BC99DD286E4D0E5:2
DCBFCAB8D5F930A51BE4D584988965D37AC:1
DD122D1DD4EA06924110FD7DC1DE2BFC4DF:1
DD3801AE3BBB61888C8B2F0FC1C3AD476A3:2
DD40D1BB40F7213774527BCE96BAEADAFD4:1
DD93B472476B85931D9F5C9C8D54BE3E8E0:1
DD99AB504D95A97BD7F1F8C4B3A3CD79C09:5
DDC005469D53C91895D47E66DFC66F24B2F:1
DE7E8DF392C777A3DCEA31DA5BAA48C9B1B:46
DED5772DB10EAB41D1765167A1454D35D7A:1
DF41A4B8378E48F0D390A292DBAF7C980DE:3
DF8DF64222006E5FC3F9872AB0BCA4EF702:1
DFD97340C32D2E418C3578E396062AB1818:1
E01FF169DB1568F514567D875AB6A549625:1
E0634A92F17C4DE4DFF496CDBDDDCB2654D:1
E0A2540AB13E1BA7B0EFB71F387062B2E10:1
E1016F88E4EC40755D9AFBECB4158AB2D39:1
E17F3370D5213497537ACF17B0EDE9DBB45:1
E192CE4DF37B5DBB076A53A6BF3CB02A007:1
E251949A8B1B48A102781C6394113660985:10
E27D04432CC23254D4935DCDB681A1A8081:1
E2A5B7186B4517491E94F61F8344658ECBD:1
E2C6B7A04926FE681B3A4B8CB436313FBBB:5
E31AC8983524797C58C2B3FF1A081014939:2
E351A066B5A461A9B61A87A79D6B2D3E916:10
E35B871CF2F69AD898D7DADF232102AE1E2:2
E36033B8617C3D7B41AFB577347F39B5F70:3
E380003E3F1BCAF18601F41AA548041C274:1
E38F95B7496BCBE9F91BB5568AAD4D5DCDB:3
E3987CD73D43EA08B583F03580F158B11AB:1
E422BE2D83B834F031B4D2ED83BAE84F2DC:3
E42F26CCA8C899BAFFEED50B3F1FC86208E:1
E47695C2E08BF5F779C14E588F7833CFF1F:2
E537CF47620B8DE8CAC6FF9924980948B17:3
E55F59AC23698A4A11F219D5C5E35803BA8:2
E67B90526E4AB239648746C6BEB6BE7F19F:1
E6EACFEA362C5603869F08CABD63BE6F0EC:1
E85A5B8A415CA257893C937E52F63CF6AA0:1
E8F88F5820966347AC7BF8C0C0BBC3FBDDD:2
E9314D9C4AFA099B9A09678B244BA122716:1
E932FF4371CEC58473ECAB99B7F6297D114:1
E94405CAB60F873C969866920869205609E:13
E9C9F964418461CED2BE6000E50268C0396:5
E9FC4C8E01FE1AE59714EBAB68CE7CA5CA2:3
EA61C180B4A5A5C5C4C99D624729CF51DF4:1
EAC06A60F4E95A367BDECCB2BF2B127F822:8
EAC754088A2F1A4E4BD356AB32A30E413A6:1
EB36975AA2B5BDAAEEC760EBD9329B64B1F:1
EB5A62762664B977031AA162BC18BDC2183:4
EB625336437F2D5E81FCC80EA24192569E2:1
EB77585A439CF0ECD11C96D501207E472B6:2
EBD196C1103CA2A1DD4B4BDE6D98D6C7FD8:1
EC06A0C6DD43B659C03BC31B5A14C5A093B:1
EC5A7D4E2917E2888E5AD63D5313326F9E9:7
EDD5DFE40B3B3A490097EC6AB9743855286:1
EF9427D820D4113F5289AA6B6A97F4880D6:1
F0BF3EA608807ECC2095BCE24F0D23C6275:5
F16A2ABAC50F10FD5D6337A0036896F4BCB:1
F1B552A73EF3671B4B0B414BFDB931BDAE8:1
F20B6ED74FF2D4CEDA0152FE451188E1BCF:1
F2A419880A4704E2C8ADB413B4952733F49:1
F331C8C9D0A5BE482D9F9F1763163342BDD:2
F358D8484A597773A6A99A4E0CC502BC1D1:2
F369BA6FBED9CFA9682F7A2B81E96AC5FFE:5
F377CA2036ABA8FF644E65EFB520086803B:1
F3D826E46D2B314AC1ABEA93DC5B1C9D4E9:1
F3F030EECEE4DE94DDEB6CA74D5D7EC0B9F:2
F410511173FED54E136D42F4AD4D14A7E9C:1
F517F37E1DB318C459960A0001DA1C7EFC6:3
F58C6C0031FA1821871DA04C69B5AB4D00B:5
F5BC8CAA9982CFB1554F317CECCEB17CD5E:3
F5C0A1255BEB5D56683C1D2B2816286855D:5
F5C89C567496936CCC031FF23A837BD39C2:4
F6636B0F06286029471AA0FBFD413094D04:2
F70CBD755ECE42FE28623F41A6FDA6EE0E7:1
F8AAFC21240B30C0DE66C8F86C389086F26:3
F93E773E28EC2BD69DC5C6EB0221C9E61DE:3
F98394E53B364CD5EB30ABA34BC9C9C880B:3
F988795150A121C76B3B7FB1D627A4D909E:5
F9EDE42326BB428029FF30FF8548556BE0E:1
FA18C7BB4B5AF60EF88A099794235C7FD01:3
FB121FD24FBEB27D656B0522AF79A6E40F3:3
FB4A176282FB2CD55F62B50929701DC027E:3
FBDEF4BD89485EF3540C3318DD51C1A51DE:1
FC8D7CFD19EE89EE9952AC3976697B71943:1
FCEE6209B95D9CC0A5D5BB9A54B3EB79D4A:4
FD16CF39CC5FA8E7ED1B87DF7015D8E5F25:3
FD1E165F26429A5E5A271A48C7E1568E846:4
FD613A46C8749A4524AF5734764ABEA5508:2
FDE6B930A255CD8418D4C99BBAAE4DE472A:3
FE6C71640A2B81DC9ED965A836F6643EEC9:1
FEBB29B203F0DAD4B1BCF96CB88866E3304:3
FF0283D0C3892CA3D79F9F54AC364D232B4:4
FF0D45399DEE97E362E91554B4D22F2CB96:3
FF41C1A65DEFBB499A4E488864634F55F77:2
FF697D3A14EC07E6A7C4EDCFF47CDC6EF32:34
FFF881DA20AB8B0B59F15A6876386D41333:1